<?xml version="1.0" encoding="UTF-8"?><record xmlns="http://www.loc.gov/MARC21/slim" xmlns:cinclude="http://apache.org/cocoon/include/1.0" xmlns:zs="http://www.loc.gov/zing/srw/">
  <leader>02178cz  a2200265n  4500</leader>
  <controlfield tag="001">n  85104796 </controlfield>
  <controlfield tag="003">DLC</controlfield>
  <controlfield tag="005">19970401110955.7</controlfield>
  <controlfield tag="008">850521n| acannaab|          |a ana |||  </controlfield>
  <datafield tag="010" ind1=" " ind2=" ">
    <subfield code="a">n  85104796 </subfield>
  </datafield>
  <datafield tag="040" ind1=" " ind2=" ">
    <subfield code="a">DLC</subfield>
    <subfield code="c">DLC</subfield>
    <subfield code="d">DLC</subfield>
  </datafield>
  <datafield tag="110" ind1="1" ind2="0">
    <subfield code="a">Catalonia (Spain).</subfield>
    <subfield code="b">Comissió Interdepartamental de Recerca i Innovació Tecnològica</subfield>
  </datafield>
  <datafield tag="410" ind1="2" ind2="0">
    <subfield code="a">C.I.R.I.T.</subfield>
  </datafield>
  <datafield tag="410" ind1="2" ind2="0">
    <subfield code="a">CIRIT</subfield>
  </datafield>
  <datafield tag="410" ind1="2" ind2="0">
    <subfield code="a">Comissió Interdepartamental de Recerca i Innovació Tecnològica (Catalonia, Spain)</subfield>
  </datafield>
  <datafield tag="410" ind1="1" ind2="0">
    <subfield code="a">Catalonia (Spain).</subfield>
    <subfield code="b">Departament d'Ensenyament.</subfield>
    <subfield code="b">Comissió Interdepartamental de Recerca i Innovació Tecnològica</subfield>
  </datafield>
  <datafield tag="410" ind1="1" ind2="0">
    <subfield code="a">Catalonia (Spain).</subfield>
    <subfield code="b">Departament de la Presidència.</subfield>
    <subfield code="b">Comissió Interdepartamental de Recerca i Innovació Tecnològica</subfield>
  </datafield>
  <datafield tag="410" ind1="1" ind2="0">
    <subfield code="a">Catalonia (Spain).</subfield>
    <subfield code="b">Comissionat per a Universitats i Recerca.</subfield>
    <subfield code="b">Comissió Interdepartamental de Recerca i Innovació Tecnològica</subfield>
  </datafield>
  <datafield tag="667" ind1=" " ind2=" ">
    <subfield code="a">Relationship to the Univ. of Barcelona uncertain.</subfield>
  </datafield>
  <datafield tag="670" ind1=" " ind2=" ">
    <subfield code="a">Algebraic geometry, c1985:</subfield>
    <subfield code="b">pubr. info. with CIP (Comissió Interdepartamental de Recerca i Innovació Tecnològica, C.I.R.I.T.)</subfield>
  </datafield>
  <datafield tag="670" ind1=" " ind2=" ">
    <subfield code="a">Autors catalans antics ; 1- Cerverí, de Girona. Narrativa, 1985- :</subfield>
    <subfield code="b">v. 1, p. opp. t.p. (Generalitat de Catalunya, Departament de la Presidència, Comissió Interdepartamental de Recerca i Innovació Tecnològica, CIRIT)</subfield>
  </datafield>
  <datafield tag="670" ind1=" " ind2=" ">
    <subfield code="a">Coneguem els nostres parlars, 1985:</subfield>
    <subfield code="b">t.p. (Generalitat de Catalunya, Comissió Interdepartamental de Recerca i Innovació Tecnològica; Barcelona)</subfield>
  </datafield>
  <datafield tag="670" ind1=" " ind2=" ">
    <subfield code="a">Trobades Científiques de la Mediterrània (1988 : Mahón, Spain). Tècniques fisiques d'anàlisi, 1989:</subfield>
    <subfield code="b">t.p. (Generalitat de Catalunya, Comissió Interdepartamental de Recerca i Innovació Tecnològica, CIRIT) p. opp. t.p. (Generalitat de Catalunya, Departament d'Ensenyament, CIRIT)</subfield>
  </datafield>
  <datafield tag="670" ind1=" " ind2=" ">
    <subfield code="a">Jornades d'Arqueologia Industrial a Catalunya (3rd : 1994 : Sabadell, Spain). El vapor i els vapors, 1996:</subfield>
    <subfield code="b">t.p. (Generalitat de Catalunya, Departament de la Presidència, Comissionat per a Universitats i Recerca, CIRIT)</subfield>
  </datafield>
  <datafield tag="675" ind1=" " ind2=" ">
    <subfield code="a">World of learning, 1984-85, c1984;</subfield>
    <subfield code="a">Dic. Enc. de la Llengua Catalana, 1930, Barcelona tel. dir., 1983-84.</subfield>
  </datafield>
</record>